@article{wilson2014best,
  title={Best practices for scientific computing},
  author={Wilson, Greg and Aruliah, DA and Brown, C Titus and Hong, Neil P Chue and Davis, Matt and Guy, Richard T and Haddock, Steven HD and Huff, Kathryn D and Mitchell, Ian M and Plumbley, Mark D and others},
  journal={PLoS biology},
  volume={12},
  number={1},
  pages={e1001745},
  year={2014},
  publisher={Public Library of Science}
}